<record><leader>00000cas a2200000 a 4500</leader><controlfield tag="001">8808006</controlfield><controlfield tag="008">820925d18391918iluwr ne      0   a0eng  </controlfield><datafield ind1=" " ind2=" " tag="010"><subfield code="a">sn 82015350 </subfield></datafield><datafield ind1=" " ind2=" " tag="040"><subfield code="a">DLC</subfield><subfield code="b">eng</subfield><subfield code="c">DLC</subfield><subfield code="d">NPU</subfield><subfield code="d">DLC</subfield><subfield code="d">NVF</subfield><subfield code="d">OCL</subfield><subfield code="d">NVF</subfield><subfield code="d">OCLCO</subfield><subfield code="d">OCLCQ</subfield><subfield code="d">OCLCF</subfield><subfield code="d">NVF</subfield></datafield><datafield ind1=" " ind2=" " tag="042"><subfield code="a">pcc</subfield></datafield><datafield ind1=" " ind2=" " tag="043"><subfield code="a">n-us-il</subfield></datafield><datafield ind1="0" ind2="0" tag="050"><subfield code="a">Newspaper 7574-X</subfield></datafield><datafield ind1="0" ind2="0" tag="245"><subfield code="a">Mount Carmel register.</subfield></datafield><datafield ind1="1" ind2="3" tag="246"><subfield code="a">Mt. Carmel register</subfield></datafield><datafield ind1="1" ind2="3" tag="246"><subfield code="a">Register</subfield></datafield><datafield ind1=" " ind2=" " tag="260"><subfield code="a">Mount Carmel, Ill. :</subfield><subfield code="b">W.B. Meany,</subfield><subfield code="c">1839-1918.</subfield></datafield><datafield ind1=" " ind2=" " tag="300"><subfield code="a">v.</subfield></datafield><datafield ind1=" " ind2=" " tag="310"><subfield code="a">Weekly</subfield></datafield><datafield ind1=" " ind2=" " tag="321"><subfield code="a">Frequency varies</subfield></datafield><datafield ind1="0" ind2=" " tag="362"><subfield code="a">Vol. 1, no. 1 (June 11, 1839)-</subfield></datafield><datafield ind1="1" ind2=" " tag="362"><subfield code="a">Ceased in 1918?</subfield></datafield><datafield ind1=" " ind2=" " tag="515"><subfield code="a">Numerous suspensions 1856-1858, 1867-1868.</subfield></datafield><datafield ind1=" " ind2=" " tag="515"><subfield code="a">Various incorrect volume and number designation.</subfield></datafield><datafield ind1=" " ind2=" " tag="515"><subfield code="a">Issue for Nov. 19, 1856 erroneously designated as Nov. 9, 1856.</subfield></datafield><datafield ind1=" " ind2=" " tag="515"><subfield code="a">Issues have no page numbering.</subfield></datafield><datafield ind1=" " ind2=" " tag="525"><subfield code="a">Has occasional supplements.</subfield></datafield><datafield ind1=" " ind2=" " tag="530"><subfield code="a">Preservation microfilmed by the University of Illinois at Urbana-Champaign Library as part of the United States Newspaper Program; the years 1872-1889 (on 3 microfilm reels) are available for purchase from OCLC Preservation Service Centers.</subfield></datafield><datafield ind1=" " ind2=" " tag="530"><subfield code="a">Available on microfilm;</subfield><subfield code="b">Bell &amp; Howell, Micro Photo Division.</subfield></datafield><datafield ind1=" " ind2=" " tag="580"><subfield code="a">Merged with: Mt. Carmel Republican, to form: Mount Carmel Republican-register.</subfield></datafield><datafield ind1=" " ind2=" " tag="580"><subfield code="a">Daily eds.: Mt. Carmel evening register (Mount Carmel, Ill. : 1901), 1901-1910; Mt. Carmel morning register, 1910-1911; Mt. Carmel evening register (Mount Carmel, Ill. : 1911), 1911-1918.</subfield></datafield><datafield ind1=" " ind2=" " tag="588"><subfield code="a">Latest issue consulted: Nov. 9, 1916.</subfield></datafield><datafield ind1=" " ind2="0" tag="651"><subfield code="a">Mount Carmel (Ill.)</subfield><subfield code="v">Newspapers.</subfield></datafield><datafield ind1=" " ind2="7" tag="651"><subfield code="a">Illinois</subfield><subfield code="z">Mount Carmel.</subfield><subfield code="2">fast</subfield><subfield code="0">(OCoLC)fst01208832</subfield></datafield><datafield ind1=" " ind2="7" tag="655"><subfield code="a">Newspapers.</subfield><subfield code="2">fast</subfield><subfield code="0">(OCoLC)fst01423814</subfield></datafield><datafield ind1=" " ind2=" " tag="752"><subfield code="a">United States</subfield><subfield code="b">Illinois</subfield><subfield code="c">Wabash</subfield><subfield code="d">Mount Carmel.</subfield></datafield><datafield ind1="1" ind2=" " tag="775"><subfield code="t">Mt. Carmel evening register (Mount Carmel, Ill. : 1901)</subfield><subfield code="w">(DLC)sn 91054163</subfield><subfield code="w">(OCoLC)24563372</subfield></datafield><datafield ind1="1" ind2=" " tag="775"><subfield code="t">Mt. Carmel morning register</subfield><subfield code="w">(DLC)sn 91054164</subfield><subfield code="w">(OCoLC)24563491</subfield></datafield><datafield ind1="1" ind2=" " tag="775"><subfield code="t">Mt. Carmel evening register (Mount Carmel, Ill. : 1911)</subfield><subfield code="w">(DLC)sn 91054165</subfield><subfield code="w">(OCoLC)24565611</subfield></datafield><datafield ind1="1" ind2="7" tag="785"><subfield code="t">Mt. Carmel Republican</subfield><subfield code="w">(DLC)sn 91054107</subfield><subfield code="w">(OCoLC)24090374</subfield></datafield><datafield ind1="1" ind2="7" tag="785"><subfield code="t">Mount Carmel daily Republican-register</subfield><subfield code="w">(DLC)sn 91054166</subfield><subfield code="w">(OCoLC)24565809</subfield></datafield><datafield ind1="1" ind2=" " tag="029"><subfield code="a">AU@</subfield><subfield code="b">000025829860</subfield></datafield></record>